<?xml version="1.0" encoding="UTF-8"?><collection xmlns="http://www.loc.gov/MARC21/slim"><record><leader>00381nam--2200157-i-4500</leader><controlfield tag="001">000031020</controlfield><controlfield tag="002">20161230</controlfield><controlfield tag="005">20170129223256</controlfield><controlfield tag="008">060222s1000------------r-----000-0-eng-d</controlfield><datafield ind1=" " ind2=" " tag="080"><subfield code="a">621.375.826</subfield></datafield><datafield ind1=" " ind2=" " tag="100"><subfield code="a">Loader, Jack</subfield></datafield><datafield ind1=" " ind2=" " tag="245"><subfield code="a">Basic lase raman spectroscopy</subfield></datafield><datafield ind1=" " ind2=" " tag="260"><subfield code="a">London</subfield><subfield code="b">Heyden &amp; Son Ltd</subfield><subfield code="c">1970</subfield></datafield><datafield ind1=" " ind2=" " tag="300"><subfield code="a">105 p</subfield></datafield><datafield ind1=" " ind2=" " tag="852"><subfield code="a">32892</subfield></datafield><datafield ind1=" " ind2=" " tag="CAT"><subfield code="a">SYS</subfield><subfield code="c">20170129</subfield><subfield code="h">223256</subfield></datafield></record></collection>